
  <record>
    <datafield tag="245" ind1="0" ind2="0">
      <subfield code="a">Annales scientifiques de l'Université de Besançon.</subfield>
      <subfield code="p">Mathématiques.</subfield>
    </datafield>
  </record>