
  <record>
    <datafield tag="245" ind1="0" ind2="0">
      <subfield code="a">Volkszeitung</subfield>
      <subfield code="b">sozialdemokratisches Organ für die Provinz Rheinhessen und die Mainspitze</subfield>
    </datafield>
  </record>