
  <record>
    <datafield tag="245" ind1="0" ind2="2">
      <subfield code="a">L'Elevage porcin.</subfield>
    </datafield>
  </record>