
  <record>
    <datafield tag="245" ind1="1" ind2="0">
      <subfield code="a">Annual report /</subfield>
      <subfield code="c">Department of City Planning, City of Los Angeles.</subfield>
    </datafield>
  </record>