
  <record>
    <datafield tag="245" ind1="1" ind2="0">
      <subfield code="a">Two-year review.</subfield>
    </datafield>
  </record>