
  <record>
    <datafield tag="245" ind1="0" ind2="0">
      <subfield code="a">&lt;title of the original issue&gt;</subfield>
    </datafield>
  </record>