
  <record>
    <datafield tag="245" ind1="0" ind2="0">
      <subfield code="a">Acht festliche Orgelstücke</subfield>
      <subfield code="h">Musikdruck</subfield>
      <subfield code="c">William Faulkes. Hrsg. von Tobias Zuleger</subfield>
    </datafield>
  </record>