
  <record>
    <datafield tag="245" ind1="0" ind2="0">
      <subfield code="a">Addendum to the Proceedings of the 1988 International Aerospace and Ground Conference on Lightning and Static Electricity :</subfield>
      <subfield code="b">April 19-22, 1988, Oklahoma City, Oklahoma, USA.</subfield>
    </datafield>
  </record>