
  <record>
    <datafield tag="245" ind1="0" ind2="0">
      <subfield code="a">American Council on Education studies.</subfield>
      <subfield code="n">Series III,</subfield>
      <subfield code="p">Financial advisory services</subfield>
    </datafield>
  </record>