
  <record>
    <datafield tag="245" ind1="0" ind2="0">
      <subfield code="a">Anales de química.</subfield>
      <subfield code="n">Serie C,</subfield>
      <subfield code="p">Química orgánica y bioquímica :</subfield>
      <subfield code="b">publicación de la Real Sociedad Espanola de Química.</subfield>
    </datafield>
  </record>