
  <record>
    <datafield tag="245" ind1="0" ind2="0">
      <subfield code="a">Analyzing qualitative data /</subfield>
      <subfield code="c">edited by Alan Bryman and Robert G. Burgess</subfield>
    </datafield>
  </record>