
  <record>
    <datafield tag="245" ind1="0" ind2="0">
      <subfield code="a">Annual report /</subfield>
      <subfield code="c">Economic Development Administration.</subfield>
    </datafield>
  </record>