
  <record>
    <datafield tag="245" ind1="0" ind2="0">
      <subfield code="a">Annual report of the Director.</subfield>
    </datafield>
  </record>