
  <record>
    <datafield tag="245" ind1="0" ind2="0">
      <subfield code="a">Annual report of the Minister of Supply and Service Canada under the Corporations and Labour Unions Returns Act.</subfield>
      <subfield code="n">Part II,</subfield>
      <subfield code="p">Labour unions =</subfield>
      <subfield code="b">Rapport annuel du ministre des Approvisionnements et services Canada présenté sous l'empire et des syndicates ouvriers.</subfield>
      <subfield code="n">Partie II,</subfield>
      <subfield code="p">Syndicats ouvriers.</subfield>
    </datafield>
  </record>