
  <record>
    <datafield tag="245" ind1="0" ind2="0">
      <subfield code="a">Broken laughter :</subfield>
      <subfield code="b">select fragments of Greek comedy.</subfield>
    </datafield>
  </record>