
  <record>
    <datafield tag="245" ind1="0" ind2="0">
      <subfield code="a">Buddhists talk about Jesus, Christians talk about Buddha.</subfield>
    </datafield>
  </record>