
  <record>
    <datafield tag="245" ind1="0" ind2="0">
      <subfield code="a">Bétail et volaille /</subfield>
      <subfield code="c">Bureau des statistiques de Québec = Livestock and poultry / Quebec Bureau of Statistics.</subfield>
    </datafield>
  </record>