
  <record>
    <datafield tag="245" ind1="0" ind2="0">
      <subfield code="a">Chemical pricing patterns :</subfield>
      <subfield code="b">comparisons of annual high and low prices for 1,250 key chemicals and related process materials for the years of 1952...</subfield>
    </datafield>
  </record>