
  <record>
    <datafield tag="245" ind1="0" ind2="0">
      <subfield code="a">Client characteristic &amp; population movement report for calendar year ...</subfield>
      <subfield code="p">Probation subsidy / State of Washington, Department of Social and Health Services, Bureau of Juvenile Rehabilitation.</subfield>
    </datafield>
  </record>