
  <record>
    <datafield tag="245" ind1="0" ind2="0">
      <subfield code="a">Colorado heritage :</subfield>
      <subfield code="b">the journal of the Colorado Historical Society.</subfield>
    </datafield>
  </record>