
  <record>
    <datafield tag="245" ind1="0" ind2="0">
      <subfield code="a">Concerto for piano, with chamber music ensemble, op. 26 (1961).</subfield>
    </datafield>
  </record>