
  <record>
    <datafield tag="245" ind1="0" ind2="0">
      <subfield code="a">Concerto per piano n. 21, K 467</subfield>
      <subfield code="h"></subfield>
    </datafield>
  </record>