
  <record>
    <datafield tag="245" ind1="0" ind2="0">
      <subfield code="a">County business patterns, United States.</subfield>
    </datafield>
  </record>