
  <record>
    <datafield tag="245" ind1="0" ind2="0">
      <subfield code="a">Creative color for the oil painter.</subfield>
    </datafield>
  </record>