
  <record>
    <datafield tag="245" ind1="0" ind2="0">
      <subfield code="a">Daily report.</subfield>
      <subfield code="p">People's Republic of China</subfield>
      <subfield code="h"></subfield>
    </datafield>
  </record>