
  <record>
    <datafield tag="245" ind1="0" ind2="0">
      <subfield code="a">Deutsche Bibliographie.</subfield>
      <subfield code="p">Wöchentliches Verzeichnis.</subfield>
      <subfield code="n">Reihe B,</subfield>
      <subfield code="p">Beilage, Erscheinungen ausserhalb des Verlagsbuchhandels :</subfield>
      <subfield code="b">Amtsblatt der Deutschen Bibliothek.</subfield>
    </datafield>
  </record>