
  <record>
    <datafield tag="245" ind1="0" ind2="0">
      <subfield code="a">Diamonds are forever :</subfield>
      <subfield code="b">artists and writers on baseball.</subfield>
    </datafield>
  </record>