
  <record>
    <datafield tag="245" ind1="0" ind2="0">
      <subfield code="a">Dissertation abstracts.</subfield>
      <subfield code="n">A,</subfield>
      <subfield code="p">The humanities and social sciences.</subfield>
    </datafield>
  </record>