
  <record>
    <datafield tag="245" ind1="0" ind2="0">
      <subfield code="a">Données statistiques pour la Haute-Normandie.</subfield>
    </datafield>
  </record>