
  <record>
    <datafield tag="245" ind1="0" ind2="0">
      <subfield code="a">ETZ :</subfield>
      <subfield code="b">...</subfield>
    </datafield>
  </record>