
  <record>
    <datafield tag="245" ind1="0" ind2="0">
      <subfield code="a">Educational &amp; industrial television.</subfield>
    </datafield>
  </record>