
  <record>
    <datafield tag="245" ind1="0" ind2="0">
      <subfield code="a">Finance &amp; development.</subfield>
    </datafield>
  </record>