
  <record>
    <datafield tag="245" ind1="0" ind2="0">
      <subfield code="a">Folk songs of S.E. Tennessee</subfield>
      <subfield code="h"></subfield>
    </datafield>
  </record>