
  <record>
    <datafield tag="245" ind1="0" ind2="0">
      <subfield code="a">Fresenius' Zeitschrift für analytische Chemie.</subfield>
    </datafield>
  </record>