
  <record>
    <datafield tag="245" ind1="0" ind2="0">
      <subfield code="a">Geodezja i urzadzenia roline.</subfield>
    </datafield>
  </record>