
  <record>
    <datafield tag="245" ind1="0" ind2="0">
      <subfield code="a">Hamlet ;</subfield>
      <subfield code="b">Romeo and Juliette ; Othello ...</subfield>
    </datafield>
  </record>