
  <record>
    <datafield tag="245" ind1="0" ind2="0">
      <subfield code="a">Health care and HIV :</subfield>
      <subfield code="b">nutritional guide for providers and clients</subfield>
    </datafield>
  </record>