
  <record>
    <datafield tag="245" ind1="0" ind2="0">
      <subfield code="a">Heritage Books archives.</subfield>
      <subfield code="p">Underwood biographical dictionary.</subfield>
      <subfield code="n">Volumes 1 &amp; 2 revised</subfield>
      <subfield code="h"></subfield>
    </datafield>
  </record>