
  <record>
    <datafield tag="245" ind1="0" ind2="0">
      <subfield code="a">Historical statistics.</subfield>
      <subfield code="p">Supplement /</subfield>
      <subfield code="c">...</subfield>
    </datafield>
  </record>