
  <record>
    <datafield tag="245" ind1="0" ind2="0">
      <subfield code="a">International bilateral dialogues :</subfield>
      <subfield code="b">1965-1991 : list of commissions, meetings, themes, and reports /</subfield>
      <subfield code="c">compiled by Günther Gassman. Report / Fifth Forum on Bilateral Conversations.</subfield>
    </datafield>
  </record>