
  <record>
    <datafield tag="245" ind1="0" ind2="0">
      <subfield code="a">JAMA :</subfield>
      <subfield code="b">the journal of the American Medical Association.</subfield>
    </datafield>
  </record>