
  <record>
    <datafield tag="245" ind1="0" ind2="0">
      <subfield code="a">Janet Suzeman on acting in Shakespearian comedy.</subfield>
    </datafield>
  </record>