
  <record>
    <datafield tag="245" ind1="0" ind2="0">
      <subfield code="a">Japan report =</subfield>
      <subfield code="b">Nihon.</subfield>
    </datafield>
  </record>