
  <record>
    <datafield tag="245" ind1="0" ind2="0">
      <subfield code="a">Journal for general philosophy of science =</subfield>
      <subfield code="b">Zeitschrift für allgemeine Wissenschaftstheorie</subfield>
    </datafield>
  </record>