
  <record>
    <datafield tag="245" ind1="0" ind2="0">
      <subfield code="a">Journal of polymer science</subfield>
      <subfield code="n">B, Polymer physics</subfield>
    </datafield>
  </record>