
  <record>
    <datafield tag="245" ind1="0" ind2="0">
      <subfield code="a">Journal of polymer science.</subfield>
      <subfield code="n">Part B,</subfield>
      <subfield code="p">Polymer letters.</subfield>
    </datafield>
  </record>