
  <record>
    <datafield tag="245" ind1="0" ind2="0">
      <subfield code="a">Library resources market place :</subfield>
      <subfield code="b">LRMP.</subfield>
    </datafield>
  </record>