
  <record>
    <datafield tag="245" ind1="0" ind2="0">
      <subfield code="a">Life on earth.</subfield>
      <subfield code="p">The swarming hordes</subfield>
      <subfield code="h"></subfield>
    </datafield>
  </record>