
  <record>
    <datafield tag="245" ind1="0" ind2="0">
      <subfield code="a">Lord Macaulay's essays ;</subfield>
      <subfield code="b">and, Lays of ancient Rome.</subfield>
    </datafield>
  </record>