
  <record>
    <datafield tag="245" ind1="0" ind2="0">
      <subfield code="a">Lorser Feitelson and Helen Lundeberg:</subfield>
      <subfield code="b">a retrospective exhibition.</subfield>
    </datafield>
  </record>