
  <record>
    <datafield tag="245" ind1="0" ind2="0">
      <subfield code="a">Love from Joy :</subfield>
      <subfield code="b">letters from a farmer’s wife.</subfield>
      <subfield code="n">Part III,</subfield>
      <subfield code="p">1987-1995, At the bungalow.</subfield>
    </datafield>
  </record>