
  <record>
    <datafield tag="245" ind1="0" ind2="0">
      <subfield code="a">MARC 21: Harmonized USMARC and CAN/MARC</subfield>
    </datafield>
  </record>