
  <record>
    <datafield tag="245" ind1="0" ind2="0">
      <subfield code="a">Management report.</subfield>
      <subfield code="n">Part I /</subfield>
      <subfield code="c">U.S. Navy's Military Sealift Command.</subfield>
    </datafield>
  </record>