
  <record>
    <datafield tag="245" ind1="0" ind2="0">
      <subfield code="a">Map of Nelson, Richmond, Motueka :</subfield>
      <subfield code="b">scale 1:20000.</subfield>
    </datafield>
  </record>