
  <record>
    <datafield tag="245" ind1="0" ind2="0">
      <subfield code="a">Marcel Marceau, ou, L'art du mime.</subfield>
    </datafield>
  </record>