
  <record>
    <datafield tag="245" ind1="0" ind2="0">
      <subfield code="a">Modern maturity :</subfield>
      <subfield code="b">publication of the American Association of Retired Persons.</subfield>
    </datafield>
  </record>