
  <record>
    <datafield tag="245" ind1="0" ind2="0">
      <subfield code="a">Modern problems of pharmacopsychiatry =</subfield>
      <subfield code="b">Moderne Probleme der Pharmakopsychiatrie = Problèmes actuels de pharmacopsychiatrie.</subfield>
    </datafield>
  </record>