
  <record>
    <datafield tag="245" ind1="0" ind2="0">
      <subfield code="a">Monthly checklist of state publications /</subfield>
      <subfield code="c">the Library of Congress, Processing Department, Exchange and Gift Division.</subfield>
    </datafield>
  </record>