
  <record>
    <datafield tag="245" ind1="0" ind2="0">
      <subfield code="a">More!</subfield>
      <subfield code="n">3 /</subfield>
      <subfield code="c">Herbert Puchta ...</subfield>
    </datafield>
  </record>