
  <record>
    <datafield tag="245" ind1="0" ind2="0">
      <subfield code="a">Neoplasm and gnosticism /</subfield>
      <subfield code="c">Richard T. Wallis, editor, Jay Bregman, associate editor.</subfield>
    </datafield>
  </record>