
  <record>
    <datafield tag="245" ind1="0" ind2="0">
      <subfield code="a">News of the Cooperative Health Statistics System.</subfield>
    </datafield>
  </record>