
  <record>
    <datafield tag="245" ind1="0" ind2="0">
      <subfield code="a">PL 17 Hearing Files</subfield>
      <subfield code="k">Case Files</subfield>
      <subfield code="f">1974</subfield>
      <subfield code="p">District 6</subfield>
      <subfield code="h">microfilm (jacketted in fiche).</subfield>
    </datafield>
  </record>