
  <record>
    <datafield tag="245" ind1="0" ind2="0">
      <subfield code="a">Portals to the world.</subfield>
      <subfield code="p">Selected Internet resources.</subfield>
      <subfield code="p">Maldives</subfield>
      <subfield code="h"></subfield>
    </datafield>
  </record>