
  <record>
    <datafield tag="245" ind1="0" ind2="0">
      <subfield code="a">Proceedings /</subfield>
      <subfield code="c">...</subfield>
    </datafield>
  </record>