
  <record>
    <datafield tag="245" ind1="0" ind2="0">
      <subfield code="a">Register zu den Verhandlungen des Landtags / Landtag Nordrhein-Westfalen</subfield>
      <subfield code="b">in der ... Wahlperiode</subfield>
    </datafield>
  </record>