
  <record>
    <datafield tag="245" ind1="0" ind2="0">
      <subfield code="a">Report and financial accounts for the fifteen months ended 31st March ... /</subfield>
      <subfield code="c">Qantas Empire Airways Limited.</subfield>
    </datafield>
  </record>