
  <record>
    <datafield tag="245" ind1="0" ind2="0">
      <subfield code="a">Short story masterpieces by American women writers.</subfield>
    </datafield>
  </record>