
  <record>
    <datafield tag="245" ind1="0" ind2="0">
      <subfield code="a">Short-Harrison-Symmes family papers,</subfield>
      <subfield code="f">1760-1878.</subfield>
    </datafield>
  </record>