
  <record>
    <datafield tag="245" ind1="0" ind2="0">
      <subfield code="a">Swallowing clouds :</subfield>
      <subfield code="b">an anthology of Chinese-Canadian poetry.</subfield>
    </datafield>
  </record>