
  <record>
    <datafield tag="245" ind1="0" ind2="0">
      <subfield code="a">UN monthly chronicle</subfield>
      <subfield code="c">United Nations Office of Public Information</subfield>
    </datafield>
  </record>