
  <record>
    <datafield tag="245" ind1="0" ind2="0">
      <subfield code="a">Who’s inventing what? :</subfield>
      <subfield code="b">patents granted in the United States as reported in the Official gazette of the United States Patent and Trademark Office.</subfield>
    </datafield>
  </record>