
  <record>
    <datafield tag="245" ind1="0" ind2="0">
      <subfield code="a">Woman's day 101 gardening and outdoor ideas.</subfield>
    </datafield>
  </record>