
  <record>
    <datafield tag="245" ind1="0" ind2="0">
      <subfield code="k">Letter,</subfield>
      <subfield code="f">1901 March 6,</subfield>
      <subfield code="b">Dublin, to Henrik Ibsen, Kristiana</subfield>
    </datafield>
  </record>