
  <record>
    <datafield tag="245" ind1="0" ind2="0">
      <subfield code="k">Papers,</subfield>
      <subfield code="f">1932-1970</subfield>
      <subfield code="g">(bulk 1932-1965)</subfield>
    </datafield>
  </record>