
  <record>
    <datafield tag="245" ind1="0" ind2="0">
      <subfield code="k">Records,</subfield>
      <subfield code="f">1939-1973</subfield>
      <subfield code="g">1965-1972.</subfield>
    </datafield>
  </record>