
  <record>
    <datafield tag="245" ind1="0" ind2="3">
      <subfield code="a">An abstract of the remarkable passages in the life of a private gentleman.</subfield>
    </datafield>
  </record>