
  <record>
    <datafield tag="245" ind1="0" ind2="3">
      <subfield code="a">Le Bureau</subfield>
      <subfield code="h"></subfield>
    </datafield>
  </record>