
  <record>
    <datafield tag="245" ind1="0" ind2="4">
      <subfield code="a">The Annalist :</subfield>
      <subfield code="b">a magazine of finance, commerce, and economics.</subfield>
    </datafield>
  </record>