
  <record>
    <datafield tag="245" ind1="0" ind2="4">
      <subfield code="a">The Green bag</subfield>
      <subfield code="h"></subfield>
    </datafield>
  </record>