
  <record>
    <datafield tag="245" ind1="0" ind2="4">
      <subfield code="a">The Post boy.</subfield>
      <subfield code="n">Numb. 2436, from Thursday December 21 to Saturday December 23, 1710.</subfield>
    </datafield>
  </record>