
  <record>
    <datafield tag="245" ind1="0" ind2="4">
      <subfield code="a">The Southeastern college art review and newsletter.</subfield>
    </datafield>
  </record>