
  <record>
    <datafield tag="245" ind1="0" ind2="4">
      <subfield code="a">The drug, the nurse, the patient.</subfield>
    </datafield>
  </record>