
  <record>
    <datafield tag="245" ind1="0" ind2="4">
      <subfield code="a">The plays of Oscar Wilde /</subfield>
      <subfield code="c">Alan Bird.</subfield>
    </datafield>
  </record>