
  <record>
    <datafield tag="245" ind1="0" ind2="4">
      <subfield code="a">The toolbox :</subfield>
      <subfield code="b">buyer's directory.</subfield>
    </datafield>
  </record>