
  <record>
    <datafield tag="245" ind1="0" ind2="5">
      <subfield code="a"></subfield>
    </datafield>
  </record>