
  <record>
    <datafield tag="245" ind1="1" ind2="0">
      <subfield code="6">880-02</subfield>
      <subfield code="a">Hung Jen-kan /</subfield>
      <subfield code="c">cShen Wei-pin chu.</subfield>
    </datafield>
  </record>