
  <record>
    <datafield tag="245" ind1="1" ind2="0">
      <subfield code="a">--as others see us.</subfield>
    </datafield>
  </record>