
  <record>
    <datafield tag="245" ind1="1" ind2="0">
      <subfield code="a">Advanced calculus.</subfield>
      <subfield code="p">Student handbook.</subfield>
    </datafield>
  </record>