
  <record>
    <datafield tag="245" ind1="1" ind2="0">
      <subfield code="a">Ahab’s wife, or, The star-gazer :</subfield>
      <subfield code="b">a novel /</subfield>
      <subfield code="c">by Sena Jeter Naslund ; illustrations by Christopher Wormell.</subfield>
    </datafield>
  </record>