
  <record>
    <datafield tag="245" ind1="1" ind2="0">
      <subfield code="a">Annual report for fiscal year ...</subfield>
    </datafield>
  </record>