
  <record>
    <datafield tag="245" ind1="1" ind2="0">
      <subfield code="a">Azul ... y poemas /</subfield>
      <subfield code="c">Rubén Darío.</subfield>
    </datafield>
  </record>