
  <record>
    <datafield tag="245" ind1="1" ind2="0">
      <subfield code="a">Bridge to Terabithia /</subfield>
      <subfield code="c">Katherine Paterson ; illustrated by Donna Diamond.</subfield>
    </datafield>
  </record>