
  <record>
    <datafield tag="245" ind1="1" ind2="0">
      <subfield code="a">Bulletin of the Special Astrophysical Observatory-North Caucasus.</subfield>
    </datafield>
  </record>