
  <record>
    <datafield tag="245" ind1="1" ind2="0">
      <subfield code="a">Bundesjagdgesetz :</subfield>
      <subfield code="b">mit Landesrecht, Verordnung über die Jagdzeiten und Bundeswildschutzverordnung Fischereischeinrecht Seefischereirecht /</subfield>
      <subfield code="c">von Albert Lorz.</subfield>
    </datafield>
  </record>