
  <record>
    <datafield tag="245" ind1="1" ind2="0">
      <subfield code="a">Cancer research :</subfield>
      <subfield code="b">official organ of the American Association for Cancer Research, Inc.</subfield>
    </datafield>
  </record>