
  <record>
    <datafield tag="245" ind1="1" ind2="0">
      <subfield code="a">Ceramic forum international :</subfield>
      <subfield code="b">CFI : Berichte der DKG.</subfield>
    </datafield>
  </record>