
  <record>
    <datafield tag="245" ind1="1" ind2="0">
      <subfield code="a">Chartbook of federal programs on aging /</subfield>
      <subfield code="c">Irma Schechter.</subfield>
    </datafield>
  </record>