
  <record>
    <datafield tag="245" ind1="1" ind2="0">
      <subfield code="a">Conference on Industrial Development in the Arab Countries :</subfield>
      <subfield code="b"></subfield>
    </datafield>
  </record>