
  <record>
    <datafield tag="245" ind1="1" ind2="0">
      <subfield code="a">Development of laser velocimeter system for flame studies.</subfield>
    </datafield>
  </record>