
  <record>
    <datafield tag="245" ind1="1" ind2="0">
      <subfield code="a">Director's report of the Association of Insurance Adjusters.</subfield>
      <subfield code="s">Member release.</subfield>
    </datafield>
  </record>