
  <record>
    <datafield tag="245" ind1="1" ind2="0">
      <subfield code="a">Distribution of the principal kinds of soil :</subfield>
      <subfield code="b">orders, suborders, and great groups : National Soil Survey Classification of 1967.</subfield>
    </datafield>
  </record>