
  <record>
    <datafield tag="245" ind1="1" ind2="0">
      <subfield code="a">Essential Spanish for policemen, lawyers, and judges.</subfield>
    </datafield>
  </record>