
  <record>
    <datafield tag="245" ind1="1" ind2="0">
      <subfield code="a">Essential math, science, and computer terms for college freshmen.</subfield>
    </datafield>
  </record>