
  <record>
    <datafield tag="245" ind1="1" ind2="0">
      <subfield code="a">Faust.</subfield>
      <subfield code="n">Part one.</subfield>
    </datafield>
  </record>