
  <record>
    <datafield tag="245" ind1="1" ind2="0">
      <subfield code="a">Fidelio /</subfield>
      <subfield code="c">Ludwig van Beethoven.</subfield>
    </datafield>
  </record>