
  <record>
    <datafield tag="245" ind1="1" ind2="0">
      <subfield code="a">Four years at Yale :</subfield>
      <subfield code="k">diaries,</subfield>
      <subfield code="f">1903 Sept. 16-1907 Oct. 5.</subfield>
    </datafield>
  </record>