
  <record>
    <datafield tag="245" ind1="1" ind2="0">
      <subfield code="a">Geological Survey water-supply paper.</subfield>
    </datafield>
  </record>