
  <record>
    <datafield tag="245" ind1="1" ind2="0">
      <subfield code="a">George Orwell's Animal farm /</subfield>
      <subfield code="c">adapted by Ian Woolridge.</subfield>
    </datafield>
  </record>