
  <record>
    <datafield tag="245" ind1="1" ind2="0">
      <subfield code="a">Gesetz und Freiheit</subfield>
      <subfield code="b">eine Philosophie der Kunst</subfield>
      <subfield code="c">Harald Fricke</subfield>
    </datafield>
  </record>