
  <record>
    <datafield tag="245" ind1="1" ind2="0">
      <subfield code="a">H.G. Wells and the world state.</subfield>
    </datafield>
  </record>