
  <record>
    <datafield tag="245" ind1="1" ind2="0">
      <subfield code="a">He who hunted birds in his father's village :</subfield>
      <subfield code="b">the dimensions of a Haida myth /</subfield>
      <subfield code="c">Gary Snyder ; preface by Nathaniel Tarn ; edited by Donald Allen.</subfield>
    </datafield>
  </record>