
  <record>
    <datafield tag="245" ind1="1" ind2="0">
      <subfield code="a">Hearne Brothers official polyconic projection map of Greater Knoxville with all of Knox County /</subfield>
      <subfield code="c">Hearne Brothers, cartographers ; production staff, G. Lee Graham ...</subfield>
    </datafield>
  </record>