
  <record>
    <datafield tag="245" ind1="1" ind2="0">
      <subfield code="a">How to play chess /</subfield>
      <subfield code="c">Kevin Wicker ; with a foreword by David Pritchard ; illustrated by Karel Feuerstein.</subfield>
    </datafield>
  </record>