
  <record>
    <datafield tag="245" ind1="1" ind2="0">
      <subfield code="a">Institutiones.</subfield>
      <subfield code="n">Book II.</subfield>
      <subfield code="n">Chapter V /</subfield>
      <subfield code="c">Cassiodorus. Etymologies. Books III. Chapters 15-23 / Isidore of Seville ; translated by Helen Dill Goode and Gertrude C. Drake.</subfield>
    </datafield>
  </record>