
  <record>
    <datafield tag="245" ind1="1" ind2="0">
      <subfield code="a">International review of applied psychology :</subfield>
      <subfield code="b">the journal of the International Association of Applied Psychology = Revue internationale de psychologie appliquée.</subfield>
    </datafield>
  </record>