
  <record>
    <datafield tag="245" ind1="1" ind2="0">
      <subfield code="a">Internationale Strassenkarte.</subfield>
      <subfield code="p">Europe 1:2.5 Mio. :</subfield>
      <subfield code="b">mit Register = International road map.</subfield>
      <subfield code="p">Europe, 1:2.5 mio : with index /</subfield>
      <subfield code="c">RV Reise- und Verkehrsverlag.</subfield>
    </datafield>
  </record>