
  <record>
    <datafield tag="245" ind1="1" ind2="0">
      <subfield code="a">Island series.</subfield>
      <subfield code="p">Penrhyn, bethymetry /</subfield>
      <subfield code="c">compilation by K.B. Lewis, P. Larkin, and T.T. Rongo ; bathymetric compilation and contouring by K.B. Lewis, T.T. Rongo and A.T. Utanga ; drawn by S.C. Glover.</subfield>
    </datafield>
  </record>