
  <record>
    <datafield tag="245" ind1="1" ind2="0">
      <subfield code="a">Journeyman's guide to the National Electrical Code /</subfield>
      <subfield code="c">Furman Marco Gotshaw.</subfield>
    </datafield>
  </record>