
  <record>
    <datafield tag="245" ind1="1" ind2="0">
      <subfield code="a">Law and the family, New York /</subfield>
      <subfield code="c"></subfield>
    </datafield>
  </record>