
  <record>
    <datafield tag="245" ind1="1" ind2="0">
      <subfield code="a">Map of Amish farmland, Lancaster County, Pennsylvania.</subfield>
    </datafield>
  </record>