
  <record>
    <datafield tag="245" ind1="1" ind2="0">
      <subfield code="a">Marcus Iunius Nypsus :</subfield>
      <subfield code="b">Fluminis varatio, Limitis repositio : introduction, text, translation, and commentary /</subfield>
      <subfield code="c">Jelle Bouma.</subfield>
    </datafield>
  </record>