
  <record>
    <datafield tag="245" ind1="1" ind2="0">
      <subfield code="a">Mercer County, Virginia (W. Va.) 1850 census.</subfield>
    </datafield>
  </record>