
  <record>
    <datafield tag="245" ind1="1" ind2="0">
      <subfield code="a">Moby-Dick, or, The whale /</subfield>
      <subfield code="c">by Herman Melville.</subfield>
    </datafield>
  </record>