
  <record>
    <datafield tag="245" ind1="1" ind2="0">
      <subfield code="a">NBA in action.</subfield>
    </datafield>
  </record>