
  <record>
    <datafield tag="245" ind1="1" ind2="0">
      <subfield code="a">Nineteenth-century bird prints.</subfield>
    </datafield>
  </record>