
  <record>
    <datafield tag="245" ind1="1" ind2="0">
      <subfield code="a">Number the stars /</subfield>
      <subfield code="c">Lois Lowry.</subfield>
    </datafield>
  </record>