
  <record>
    <datafield tag="245" ind1="1" ind2="0">
      <subfield code="a">Ordinances &amp; statutory rules &amp; orders of the Virgin Islands.</subfield>
    </datafield>
  </record>