
  <record>
    <datafield tag="245" ind1="1" ind2="0">
      <subfield code="a">Poems /</subfield>
      <subfield code="c">by Gerald Bullett.</subfield>
    </datafield>
  </record>