
  <record>
    <datafield tag="245" ind1="1" ind2="0">
      <subfield code="a">Primer on labor law, 1982-92/</subfield>
      <subfield code="c">by Perfecto V. Fernandez.</subfield>
    </datafield>
  </record>