
  <record>
    <datafield tag="245" ind1="1" ind2="0">
      <subfield code="a">Private eyeballs :</subfield>
      <subfield code="b">a golden treasury of bad taste.</subfield>
    </datafield>
  </record>