
  <record>
    <datafield tag="245" ind1="1" ind2="0">
      <subfield code="a">Proceedings of the Seminar on Cataloging Digital Documents, October 12-14, 1994</subfield>
      <subfield code="h"></subfield>
    </datafield>
  </record>