
  <record>
    <datafield tag="245" ind1="1" ind2="0">
      <subfield code="a">Project directory /</subfield>
      <subfield code="c">TDC = Répertoire des projets / CDT.</subfield>
    </datafield>
  </record>