
  <record>
    <datafield tag="245" ind1="1" ind2="0">
      <subfield code="a">Quality of surface waters of the United States.</subfield>
    </datafield>
  </record>