
  <record>
    <datafield tag="245" ind1="1" ind2="0">
      <subfield code="a">Recopilación de leyes, decretos y resoluciones ...</subfield>
    </datafield>
  </record>