
  <record>
    <datafield tag="245" ind1="1" ind2="0">
      <subfield code="a">Report on the situation of human rights in Paraguay.</subfield>
    </datafield>
  </record>