
  <record>
    <datafield tag="245" ind1="1" ind2="0">
      <subfield code="a">Rock mechanics :</subfield>
      <subfield code="b">journal of the International Society for Rock Mechanics = Felsmechanik.</subfield>
    </datafield>
  </record>