
  <record>
    <datafield tag="245" ind1="1" ind2="0">
      <subfield code="a">Soviet ideologies in the period of glasnot :</subfield>
      <subfield code="b">responses to Brezhnev's stagnation /</subfield>
      <subfield code="c">Vladimir Shlapentokh with the participation of Dmitry Shlapentokh.</subfield>
    </datafield>
  </record>