
  <record>
    <datafield tag="245" ind1="1" ind2="0">
      <subfield code="a">Statistics :</subfield>
      <subfield code="b">facts or fiction.</subfield>
    </datafield>
  </record>