
  <record>
    <datafield tag="245" ind1="1" ind2="0">
      <subfield code="a">Talks to teeners; </subfield>
      <subfield code="b">chapel talks delivered during morning devotions at the Christian High School, Grand Rapids, Michigan.</subfield>
    </datafield>
  </record>