
  <record>
    <datafield tag="245" ind1="1" ind2="0">
      <subfield code="a">Technology transfer :</subfield>
      <subfield code="b">India's iron &amp; steel: an ICRIER research study with experts' comments /</subfield>
      <subfield code="c">K. Krishna Moorthy.</subfield>
    </datafield>
  </record>