
  <record>
    <datafield tag="245" ind1="1" ind2="0">
      <subfield code="a">Trade Union Fellowship Program :</subfield>
      <subfield code="b"></subfield>
    </datafield>
  </record>