
  <record>
    <datafield tag="245" ind1="1" ind2="0">
      <subfield code="a">Under the hill, or, The story of Venus and Tannhauser.</subfield>
    </datafield>
  </record>