
  <record>
    <datafield tag="245" ind1="1" ind2="0">
      <subfield code="a">Vier letzte Lieder</subfield>
      <subfield code="h"></subfield>
    </datafield>
  </record>