
  <record>
    <datafield tag="245" ind1="1" ind2="0">
      <subfield code="a">War of the worlds.</subfield>
    </datafield>
  </record>