
  <record>
    <datafield tag="245" ind1="1" ind2="0">
      <subfield code="a">Welcome aboard! :</subfield>
      <subfield code="b">your career as a flight attendant /</subfield>
      <subfield code="c">Becky S. Bock, Cheryl A. Cage.</subfield>
    </datafield>
  </record>