
  <record>
    <datafield tag="245" ind1="1" ind2="0">
      <subfield code="a">Welcome! :</subfield>
      <subfield code="b">a biblical and practical guide to receiving new members /</subfield>
      <subfield code="c">Ervin R. Stutzman ; foreword by Marlene Kropf.</subfield>
    </datafield>
  </record>