
  <record>
    <datafield tag="245" ind1="1" ind2="0">
      <subfield code="a">Zentralblatt für Bakteriologie, Parasitenkunde, Infektionskrankheiten und Hygiene.</subfield>
      <subfield code="n">1. Abt. Originale.</subfield>
      <subfield code="n">Reihe B,</subfield>
      <subfield code="p">Hygiene, Krankenhaushygiene, Betriebshygiene, präventive Medizin.</subfield>
    </datafield>
  </record>