
  <record>
    <datafield tag="245" ind1="1" ind2="0">
      <subfield code="k">Employment applications</subfield>
      <subfield code="g">Jan.-Dec. 1985.</subfield>
    </datafield>
  </record>