
  <record>
    <datafield tag="245" ind1="1" ind2="2">
      <subfield code="a">A report to the legislature for the year ...</subfield>
    </datafield>
  </record>