
  <record>
    <datafield tag="245" ind1="1" ind2="2">
      <subfield code="a">L'enfant criminal.</subfield>
    </datafield>
  </record>