
  <record>
    <datafield tag="245" ind1="1" ind2="3">
      <subfield code="a">An interpretation of Zarahemla ...</subfield>
    </datafield>
  </record>