
  <record>
    <datafield tag="245" ind1="1" ind2="3">
      <subfield code="a">Judas der Ertz-Schelm, für ehrliche Leuth, ...</subfield>
    </datafield>
  </record>