
  <record>
    <datafield tag="245" ind1="1" ind2="3">
      <subfield code="a">al-Sharq al-`Arabi.</subfield>
    </datafield>
  </record>