
  <record>
    <datafield tag="245" ind1="1" ind2="4">
      <subfield code="a">Ein Mann in Dublin namens Joyce</subfield>
      <subfield code="c">Anthony Burgess.</subfield>
    </datafield>
  </record>