
  <record>
    <datafield tag="245" ind1="1" ind2="4">
      <subfield code="a">Gli duoi fratelli rivali =</subfield>
      <subfield code="b">The two rival brothers /</subfield>
      <subfield code="c">Giambattista della Porta ; edited and translated by Louise George Clubb.</subfield>
    </datafield>
  </record>