
  <record>
    <datafield tag="245" ind1="1" ind2="4">
      <subfield code="a">Hē Monē tou Horous Sina.</subfield>
    </datafield>
  </record>