
  <record>
    <datafield tag="245" ind1="1" ind2="4">
      <subfield code="a">The Boston driver's handbook :</subfield>
      <subfield code="b">the big dig edition /</subfield>
      <subfield code="c">Ira Gershkoff and Richard Trachtman.</subfield>
    </datafield>
  </record>