
  <record>
    <datafield tag="245" ind1="1" ind2="4">
      <subfield code="a">The Foundling hospital for wit :</subfield>
      <subfield code="b">intended for the reception and preservation of such ...</subfield>
    </datafield>
  </record>