
  <record>
    <datafield tag="245" ind1="1" ind2="4">
      <subfield code="a">The New Lost City Ramblers with Cousin Emmy</subfield>
      <subfield code="h"></subfield>
    </datafield>
  </record>