
  <record>
    <datafield tag="245" ind1="1" ind2="4">
      <subfield code="a">The advocate :</subfield>
      <subfield code="b">the official Law Society of Kenya magazine.</subfield>
    </datafield>
  </record>