
  <record>
    <datafield tag="245" ind1="1" ind2="4">
      <subfield code="a">The analysis of the law /</subfield>
      <subfield code="c">Sir Matthew Hale. The students companion / Giles Jacob.</subfield>
    </datafield>
  </record>