
  <record>
    <datafield tag="245" ind1="1" ind2="4">
      <subfield code="a">The charity ball :</subfield>
      <subfield code="b">a comedy in four acts :</subfield>
      <subfield code="k">typescript,</subfield>
      <subfield code="f">1889 /</subfield>
      <subfield code="c">by David Belasco and Henry C. DeMille.</subfield>
    </datafield>
  </record>