
  <record>
    <datafield tag="245" ind1="1" ind2="4">
      <subfield code="a">The cherry orchard ;</subfield>
      <subfield code="b">Uncle Vanya /</subfield>
      <subfield code="c">Anton Chekhov.</subfield>
    </datafield>
  </record>