
  <record>
    <datafield tag="245" ind1="1" ind2="4">
      <subfield code="a">The language of first-order logic :</subfield>
      <subfield code="b">including the Macintosh program Tarski'a world 4.0 /</subfield>
      <subfield code="c">Jon Barwise and John Etchemendy.</subfield>
    </datafield>
  </record>