
  <record>
    <datafield tag="245" ind1="1" ind2="5">
      <subfield code="a">The “winter mind” :</subfield>
      <subfield code="b">William Bronk and American letters /</subfield>
      <subfield code="c">Burt Kimmelman.</subfield>
    </datafield>
  </record>