
  <record>
    <datafield tag="245" ind1="1" ind2="5">
      <subfield code="a">Tōn Diōnos Rōmaikōn historiōn eikositria biblia =</subfield>
      <subfield code="b">Dionis Romanarum historiarum libri XXIII, à XXXVI ad LVIII vsque.</subfield>
    </datafield>
  </record>