
  <record>
    <datafield tag="245" ind1="1" ind2="5">
      <subfield code="a">Tōn meionotētōn eunoia :</subfield>
      <subfield code="b">mythistorēma /</subfield>
      <subfield code="c">Spyrou Gkrintzou.</subfield>
    </datafield>
  </record>