
  <record>
    <datafield tag="245" ind1="1" ind2="6">
      <subfield code="a">--the serpent--snapping eye.</subfield>
    </datafield>
  </record>